@inproceedings{DUMMY,
}

@inproceedings{DBLP:conf/pppj/OqvistHM16,
  author    = {Jesper {\"{O}}qvist and
               G{\"{o}}rel Hedin and
               Boris Magnusson},
  title     = {Extraction-Based Regression Test Selection},
  booktitle = {Proceedings of the 13th International Conference on Principles and
               Practices of Programming on the Java Platform: Virtual Machines, Languages,
               and Tools, Lugano, Switzerland, August 29 - September 2, 2016},
  pages     = {5:1--5:10},
  year      = {2016},
  crossref  = {DBLP:conf/pppj/2016},
  url       = {http://doi.acm.org/10.1145/2972206.2972224},
  doi       = {10.1145/2972206.2972224},
  timestamp = {Thu, 22 Sep 2016 10:17:07 +0200},
  biburl    = {http://dblp.uni-trier.de/rec/bib/conf/pppj/OqvistHM16},
  bibsource = {dblp computer science bibliography, http://dblp.org}
}
@proceedings{DBLP:conf/pppj/2016,
  editor    = {Walter Binder and
               Petr Tuma},
  title     = {Proceedings of the 13th International Conference on Principles and
               Practices of Programming on the Java Platform: Virtual Machines, Languages,
               and Tools, Lugano, Switzerland, August 29 - September 2, 2016},
  publisher = {{ACM}},
  year      = {2016},
  url       = {http://doi.acm.org/10.1145/2972206},
  doi       = {10.1145/2972206},
  isbn      = {978-1-4503-4135-6},
  timestamp = {Tue, 16 Aug 2016 15:30:20 +0200},
  biburl    = {http://dblp.uni-trier.de/rec/bib/conf/pppj/2016},
  bibsource = {dblp computer science bibliography, http://dblp.org}
}
@inproceedings{DBLP:conf/sigsoft/LegunsenHSLZM16,
  author    = {Owolabi Legunsen and
               Farah Hariri and
               August Shi and
               Yafeng Lu and
               Lingming Zhang and
               Darko Marinov},
  title     = {An extensive study of static regression test selection in modern software
               evolution},
  booktitle = {Proceedings of the 24th {ACM} {SIGSOFT} International Symposium on
               Foundations of Software Engineering, {FSE} 2016, Seattle, WA, USA,
               November 13-18, 2016},
  pages     = {583--594},
  year      = {2016},
  crossref  = {DBLP:conf/sigsoft/2016},
  url       = {http://doi.acm.org/10.1145/2950290.2950361},
  doi       = {10.1145/2950290.2950361},
  timestamp = {Tue, 22 Nov 2016 12:21:28 +0100},
  biburl    = {http://dblp.uni-trier.de/rec/bib/conf/sigsoft/LegunsenHSLZM16},
  bibsource = {dblp computer science bibliography, http://dblp.org}
}
@proceedings{DBLP:conf/sigsoft/2016,
  editor    = {Thomas Zimmermann and
               Jane Cleland{-}Huang and
               Zhendong Su},
  title     = {Proceedings of the 24th {ACM} {SIGSOFT} International Symposium on
               Foundations of Software Engineering, {FSE} 2016, Seattle, WA, USA,
               November 13-18, 2016},
  publisher = {{ACM}},
  year      = {2016},
  url       = {http://doi.acm.org/10.1145/2950290},
  doi       = {10.1145/2950290},
  isbn      = {978-1-4503-4218-6},
  timestamp = {Tue, 22 Nov 2016 11:19:21 +0100},
  biburl    = {http://dblp.uni-trier.de/rec/bib/conf/sigsoft/2016},
  bibsource = {dblp computer science bibliography, http://dblp.org}
}